@unknown{unknown,
author = {Wasserman, Anthony},
year = {2010},
month = {01},
pages = {397-400},
title = {Software engineering issues for mobile application development},
booktitle = {Proceedings of the FSE/SDP Workshop on the Future of Software Engineering Research, FoSER 2010}
}